% Encoding: UTF-8

@Misc{ESPDeepSleep,
  author    = {Espressif},
  title     = {ESP-IDF Programming Guide: Deep Sleep},
  timestamp = {2018-08-07},
  howpublished = {\url{https://esp-idf.readthedocs.io/en/v2.0/api/system/deep_sleep.html}},
  note      = {Letzter Zugriff: 07.08.2018},
}

@Misc{ESPSleepModes,
  author    = {Espressif},
  title     = {ESP-IDF Programming Guide: Sleep Modes},
  timestamp = {2018-08-07},
  howpublished = {\url{http://esp-idf.readthedocs.io/en/latest/api-reference/system/sleep_modes.html}},
  note      = {Letzter Zugriff: 07.08.2018},
}

@Misc{ESPFlashEncryption,
  author    = {Espressif},
  title     = {Flash Encryption},
  timestamp = {2018-08-21},
  howpublished = {\url{https://esp-idf.readthedocs.io/en/latest/security/flash-encryption.html}},
  note      = {Letzter Zugriff: 21.08.2018},
}

@Misc{ESPSecureBoot,
  author    = {Espressif},
  title     = {Secure Boot},
  timestamp = {2018-08-21},
  howpublished = {\url{https://esp-idf.readthedocs.io/en/latest/security/secure-boot.html}},
  note      = {Letzter Zugriff: 21.08.2018},
}

@Misc{openHABDoku2018,
  author    = {openHAB Community and openHAB Foundation e.V.},
  title     = {openHAB Documentation},
  timestamp = {2018-08-07},
  howpublished = {\url{https://www.openhab.org/docs/}},
  note      = {Letzter Zugriff: 07.08.2018},
}

@Misc{umweltbundesamt,
  author    = {Umweltbundesamt},
  title     = {Batterien und Akkus - Ihre Fragen, unsere Antworten zu Batterien, Akkus und Umwelt},
  timestamp = {2018-08-21},
  howpublished = {\url{https://www.umweltbundesamt.de/sites/default/files/medien/publikation/long/4414.pdf}},
  note      = {Letzter Zugriff: 21.08.2018},
}

@Misc{andreasSpiess,
  author    = {Andreas Spiess},
  title     = {#193 Comparison of 10 ESP32 Battery powered Boards without display (incl. deep-sleep)},
  timestamp = {2018-08-21},
  howpublished = {\url{https://www.youtube.com/watch?v=-769_YIeGmI}},
  note      = {Letzter Zugriff: 21.08.2018},
}

@Misc{smarthome2,
  author    = {Hendrik van Essen and Arndt Tigges and Robert Munteanu},
  howpublished = {\url{https://github.com/HendrikVE/smarthome2}},
}

@Comment{jabref-meta: databaseType:bibtex;}
